@book{Riehl,
      title     = "Category theory in context",
      author    = "Riehl, Emily",
      year      = 2016,
      publisher = "Dover Publications",
      address   = "Mineola, New York"
    }

@book {MR1071176,
    AUTHOR = {Freyd, Peter J. and Scedrov, Andre},
     TITLE = {Categories, allegories},
    SERIES = {North-Holland Mathematical Library},
    VOLUME = {39},
 PUBLISHER = {North-Holland Publishing Co., Amsterdam},
      YEAR = {1990},
     PAGES = {xviii+296},
      ISBN = {0-444-70368-3; 0-444-70367-5},
   MRCLASS = {18-02 (18Bxx)},
  MRNUMBER = {1071176},
MRREVIEWER = {Walter Tholen}
}

@misc{nlab:fully_formal_etcs,
  author = {{nLab authors}},
  title = {fully formal {{E}}{{T}}{{C}}{{S}}},
  note = {\href{http://www.ncatlab.org/nlab/revision/fully\%20formal\%20ETCS/31}{Revision 31}},
  howpublished = {\url{http://ncatlab.org/nlab/show/fully\%20formal\%20ETCS}},
  month = mar,
  year = 2021
}

@misc{nlab:single-sorted_definition_of_a_category,
  author = {{nLab authors}},
  title = {single-sorted definition of a category},
  howpublished = {\url{http://ncatlab.org/nlab/show/single-sorted\%20definition\%20of\%20a\%20category}},
  note = {\href{http://ncatlab.org/nlab/revision/single-sorted\%20definition\%20of\%20a\%20category/8}{Revision 8}},
  month = mar,
  year = 2021
}

@misc{nlab:sear,
  author = {{nLab authors}},
  title = {{{S}}{{E}}{{A}}{{R}}},
  howpublished = {\url{http://ncatlab.org/nlab/show/SEAR}},
  note = {\href{http://ncatlab.org/nlab/revision/SEAR/54}{Revision 54}},
  month = mar,
  year = 2021
}

@misc{nlab:global_element,
  author = {{nLab authors}},
  title = {global element},
  howpublished = {\url{http://ncatlab.org/nlab/show/global\%20element}},
  note = {\href{http://ncatlab.org/nlab/revision/global\%20element/19}{Revision 19}},
  month = mar,
  year = 2021
}

@misc{nlab:pure_set,
  author = {{nLab authors}},
  title = {pure set},
  howpublished = {\url{http://ncatlab.org/nlab/show/pure\%20set}},
  note = {\href{http://ncatlab.org/nlab/revision/pure\%20set/49}{Revision 49}},
  month = mar,
  year = 2021
}
